%YAML 1.1
%TAG !u! tag:unity3d.com,2011:
--- !u!29 &1
OcclusionCullingSettings:
  m_ObjectHideFlags: 0
  serializedVersion: 2
  m_OcclusionBakeSettings:
    smallestOccluder: 5
    smallestHole: 0.25
    backfaceThreshold: 100
  m_SceneGUID: 00000000000000000000000000000000
  m_OcclusionCullingData: {fileID: 0}
--- !u!104 &2
RenderSettings:
  m_ObjectHideFlags: 0
  serializedVersion: 9
  m_Fog: 0
  m_FogColor: {r: 0.5, g: 0.5, b: 0.5, a: 1}
  m_FogMode: 3
  m_FogDensity: 0.01
  m_LinearFogStart: 0
  m_LinearFogEnd: 300
  m_AmbientSkyColor: {r: 0.212, g: 0.227, b: 0.259, a: 1}
  m_AmbientEquatorColor: {r: 0.114, g: 0.125, b: 0.133, a: 1}
  m_AmbientGroundColor: {r: 0.047, g: 0.043, b: 0.035, a: 1}
  m_AmbientIntensity: 1
  m_AmbientMode: 0
  m_SubtractiveShadowColor: {r: 0.42, g: 0.478, b: 0.627, a: 1}
  m_SkyboxMaterial: {fileID: 10304, guid: 0000000000000000f000000000000000, type: 0}
  m_HaloStrength: 0.5
  m_FlareStrength: 1
  m_FlareFadeSpeed: 3
  m_HaloTexture: {fileID: 0}
  m_SpotCookie: {fileID: 10001, guid: 0000000000000000e000000000000000, type: 0}
  m_DefaultReflectionMode: 0
  m_DefaultReflectionResolution: 128
  m_ReflectionBounces: 1
  m_ReflectionIntensity: 1
  m_CustomReflection: {fileID: 0}
  m_Sun: {fileID: 0}
  m_IndirectSpecularColor: {r: 0.44657844, g: 0.49641222, b: 0.57481694, a: 1}
  m_UseRadianceAmbientProbe: 0
--- !u!157 &3
LightmapSettings:
  m_ObjectHideFlags: 0
  serializedVersion: 11
  m_GIWorkflowMode: 0
  m_GISettings:
    serializedVersion: 2
    m_BounceScale: 1
    m_IndirectOutputScale: 1
    m_AlbedoBoost: 1
    m_TemporalCoherenceThreshold: 1
    m_EnvironmentLightingMode: 0
    m_EnableBakedLightmaps: 1
    m_EnableRealtimeLightmaps: 1
  m_LightmapEditorSettings:
    serializedVersion: 10
    m_Resolution: 2
    m_BakeResolution: 40
    m_AtlasSize: 1024
    m_AO: 0
    m_AOMaxDistance: 1
    m_CompAOExponent: 1
    m_CompAOExponentDirect: 0
    m_Padding: 2
    m_LightmapParameters: {fileID: 0}
    m_LightmapsBakeMode: 1
    m_TextureCompression: 1
    m_FinalGather: 0
    m_FinalGatherFiltering: 1
    m_FinalGatherRayCount: 256
    m_ReflectionCompression: 2
    m_MixedBakeMode: 2
    m_BakeBackend: 1
    m_PVRSampling: 1
    m_PVRDirectSampleCount: 32
    m_PVRSampleCount: 500
    m_PVRBounces: 2
    m_PVRFilterTypeDirect: 0
    m_PVRFilterTypeIndirect: 0
    m_PVRFilterTypeAO: 0
    m_PVRFilteringMode: 1
    m_PVRCulling: 1
    m_PVRFilteringGaussRadiusDirect: 1
    m_PVRFilteringGaussRadiusIndirect: 5
    m_PVRFilteringGaussRadiusAO: 2
    m_PVRFilteringAtrousPositionSigmaDirect: 0.5
    m_PVRFilteringAtrousPositionSigmaIndirect: 2
    m_PVRFilteringAtrousPositionSigmaAO: 1
    m_ShowResolutionOverlay: 1
  m_LightingDataAsset: {fileID: 0}
  m_UseShadowmask: 1
--- !u!196 &4
NavMeshSettings:
  serializedVersion: 2
  m_ObjectHideFlags: 0
  m_BuildSettings:
    serializedVersion: 2
    agentTypeID: 0
    agentRadius: 0.5
    agentHeight: 2
    agentSlope: 45
    agentClimb: 0.4
    ledgeDropHeight: 0
    maxJumpAcrossDistance: 0
    minRegionArea: 2
    manualCellSize: 0
    cellSize: 0.16666667
    manualTileSize: 0
    tileSize: 256
    accuratePlacement: 0
    debug:
      m_Flags: 0
  m_NavMeshData: {fileID: 0}
--- !u!1001 &236137445
Prefab:
  m_ObjectHideFlags: 0
  serializedVersion: 2
  m_Modification:
    m_TransformParent: {fileID: 2016479315}
    m_Modifications:
    - target: {fileID: 4358005982052020, guid: b4708470217a7c148b47c1635b510c0c, type: 2}
      propertyPath: m_LocalPosition.x
      value: 0
      objectReference: {fileID: 0}
    - target: {fileID: 4358005982052020, guid: b4708470217a7c148b47c1635b510c0c, type: 2}
      propertyPath: m_LocalPosition.y
      value: 0
      objectReference: {fileID: 0}
    - target: {fileID: 4358005982052020, guid: b4708470217a7c148b47c1635b510c0c, type: 2}
      propertyPath: m_LocalPosition.z
      value: 0
      objectReference: {fileID: 0}
    - target: {fileID: 4358005982052020, guid: b4708470217a7c148b47c1635b510c0c, type: 2}
      propertyPath: m_LocalRotation.x
      value: -0
      objectReference: {fileID: 0}
    - target: {fileID: 4358005982052020, guid: b4708470217a7c148b47c1635b510c0c, type: 2}
      propertyPath: m_LocalRotation.y
      value: -0
      objectReference: {fileID: 0}
    - target: {fileID: 4358005982052020, guid: b4708470217a7c148b47c1635b510c0c, type: 2}
      propertyPath: m_LocalRotation.z
      value: -0
      objectReference: {fileID: 0}
    - target: {fileID: 4358005982052020, guid: b4708470217a7c148b47c1635b510c0c, type: 2}
      propertyPath: m_LocalRotation.w
      value: 1
      objectReference: {fileID: 0}
    - target: {fileID: 4358005982052020, guid: b4708470217a7c148b47c1635b510c0c, type: 2}
      propertyPath: m_RootOrder
      value: 4
      objectReference: {fileID: 0}
    m_RemovedComponents: []
  m_ParentPrefab: {fileID: 100100000, guid: b4708470217a7c148b47c1635b510c0c, type: 2}
  m_IsPrefabParent: 0
--- !u!4 &399918081 stripped
Transform:
  m_PrefabParentObject: {fileID: 4837480460031640, guid: 1eb73aaaac00db7449d3e745fb7366f7,
    type: 2}
  m_PrefabInternal: {fileID: 1137275354}
--- !u!4 &472831303 stripped
Transform:
  m_PrefabParentObject: {fileID: 4358005982052020, guid: b4708470217a7c148b47c1635b510c0c,
    type: 2}
  m_PrefabInternal: {fileID: 236137445}
--- !u!4 &532672728 stripped
Transform:
  m_PrefabParentObject: {fileID: 4982335618096148, guid: b3b1e2e6f4b11694797193e5eb9046fc,
    type: 2}
  m_PrefabInternal: {fileID: 783642192}
--- !u!1001 &695432793
Prefab:
  m_ObjectHideFlags: 0
  serializedVersion: 2
  m_Modification:
    m_TransformParent: {fileID: 0}
    m_Modifications:
    - target: {fileID: 4244495153879972, guid: 5c613475185e26a498c43a991631b286, type: 2}
      propertyPath: m_LocalPosition.x
      value: 429.5
      objectReference: {fileID: 0}
    - target: {fileID: 4244495153879972, guid: 5c613475185e26a498c43a991631b286, type: 2}
      propertyPath: m_LocalPosition.y
      value: 214.5
      objectReference: {fileID: 0}
    - target: {fileID: 4244495153879972, guid: 5c613475185e26a498c43a991631b286, type: 2}
      propertyPath: m_LocalPosition.z
      value: 0
      objectReference: {fileID: 0}
    - target: {fileID: 4244495153879972, guid: 5c613475185e26a498c43a991631b286, type: 2}
      propertyPath: m_LocalRotation.x
      value: 0
      objectReference: {fileID: 0}
    - target: {fileID: 4244495153879972, guid: 5c613475185e26a498c43a991631b286, type: 2}
      propertyPath: m_LocalRotation.y
      value: 0
      objectReference: {fileID: 0}
    - target: {fileID: 4244495153879972, guid: 5c613475185e26a498c43a991631b286, type: 2}
      propertyPath: m_LocalRotation.z
      value: 0
      objectReference: {fileID: 0}
    - target: {fileID: 4244495153879972, guid: 5c613475185e26a498c43a991631b286, type: 2}
      propertyPath: m_LocalRotation.w
      value: 1
      objectReference: {fileID: 0}
    - target: {fileID: 4244495153879972, guid: 5c613475185e26a498c43a991631b286, type: 2}
      propertyPath: m_RootOrder
      value: 5
      objectReference: {fileID: 0}
    m_RemovedComponents: []
  m_ParentPrefab: {fileID: 100100000, guid: 5c613475185e26a498c43a991631b286, type: 2}
  m_IsPrefabParent: 0
--- !u!4 &733879588 stripped
Transform:
  m_PrefabParentObject: {fileID: 4551595209820608, guid: fb1e43be7ce9ed54eaf836220d7c41a5,
    type: 2}
  m_PrefabInternal: {fileID: 963520155}
--- !u!1 &742941702
GameObject:
  m_ObjectHideFlags: 0
  m_PrefabParentObject: {fileID: 0}
  m_PrefabInternal: {fileID: 0}
  serializedVersion: 5
  m_Component:
  - component: {fileID: 742941705}
  - component: {fileID: 742941703}
  - component: {fileID: 742941704}
  m_Layer: 0
  m_Name: GameController
  m_TagString: Untagged
  m_Icon: {fileID: 0}
  m_NavMeshLayer: 0
  m_StaticEditorFlags: 0
  m_IsActive: 1
--- !u!114 &742941703
MonoBehaviour:
  m_ObjectHideFlags: 0
  m_PrefabParentObject: {fileID: 0}
  m_PrefabInternal: {fileID: 0}
  m_GameObject: {fileID: 742941702}
  m_Enabled: 1
  m_EditorHideFlags: 0
  m_Script: {fileID: 11500000, guid: deb201930a27d5f43aa54f464e709984, type: 3}
  m_Name: 
  m_EditorClassIdentifier: 
  m_level: 2
  m_boardWidth: 0
  m_boardHeight: 0
  m_tileList: []
  m_tileFactory: {fileID: 1548993559}
  m_bombFactory: {fileID: 1881993387}
  m_bombs: []
  m_explodedTilesLastFrame: 
--- !u!114 &742941704
MonoBehaviour:
  m_ObjectHideFlags: 0
  m_PrefabParentObject: {fileID: 0}
  m_PrefabInternal: {fileID: 0}
  m_GameObject: {fileID: 742941702}
  m_Enabled: 1
  m_EditorHideFlags: 0
  m_Script: {fileID: 11500000, guid: 9b90273536b57c44bb829ecbcf860eef, type: 3}
  m_Name: 
  m_EditorClassIdentifier: 
  m_tileSize: 1
  m_boardCenter: {x: 0, y: 0, z: 0}
  m_cameraDistance: 0
  m_cameraRotation: {x: 0, y: 0, z: 0}
  m_selectionShakeMagnitude: 0.1
  m_selectionShakeSpeed: 30
--- !u!4 &742941705
Transform:
  m_ObjectHideFlags: 0
  m_PrefabParentObject: {fileID: 0}
  m_PrefabInternal: {fileID: 0}
  m_GameObject: {fileID: 742941702}
  m_LocalRotation: {x: 0.7071068, y: -0, z: -0, w: 0.7071068}
  m_LocalPosition: {x: 0, y: 0, z: -32}
  m_LocalScale: {x: 1, y: 1, z: 1}
  m_Children: []
  m_Father: {fileID: 0}
  m_RootOrder: 2
  m_LocalEulerAnglesHint: {x: 0, y: 0, z: 0}
--- !u!1001 &783642192
Prefab:
  m_ObjectHideFlags: 0
  serializedVersion: 2
  m_Modification:
    m_TransformParent: {fileID: 2016479315}
    m_Modifications:
    - target: {fileID: 4982335618096148, guid: b3b1e2e6f4b11694797193e5eb9046fc, type: 2}
      propertyPath: m_LocalPosition.x
      value: 0
      objectReference: {fileID: 0}
    - target: {fileID: 4982335618096148, guid: b3b1e2e6f4b11694797193e5eb9046fc, type: 2}
      propertyPath: m_LocalPosition.y
      value: 0
      objectReference: {fileID: 0}
    - target: {fileID: 4982335618096148, guid: b3b1e2e6f4b11694797193e5eb9046fc, type: 2}
      propertyPath: m_LocalPosition.z
      value: 0
      objectReference: {fileID: 0}
    - target: {fileID: 4982335618096148, guid: b3b1e2e6f4b11694797193e5eb9046fc, type: 2}
      propertyPath: m_LocalRotation.x
      value: -0
      objectReference: {fileID: 0}
    - target: {fileID: 4982335618096148, guid: b3b1e2e6f4b11694797193e5eb9046fc, type: 2}
      propertyPath: m_LocalRotation.y
      value: -0
      objectReference: {fileID: 0}
    - target: {fileID: 4982335618096148, guid: b3b1e2e6f4b11694797193e5eb9046fc, type: 2}
      propertyPath: m_LocalRotation.z
      value: -0
      objectReference: {fileID: 0}
    - target: {fileID: 4982335618096148, guid: b3b1e2e6f4b11694797193e5eb9046fc, type: 2}
      propertyPath: m_LocalRotation.w
      value: 1
      objectReference: {fileID: 0}
    - target: {fileID: 4982335618096148, guid: b3b1e2e6f4b11694797193e5eb9046fc, type: 2}
      propertyPath: m_RootOrder
      value: 0
      objectReference: {fileID: 0}
    m_RemovedComponents: []
  m_ParentPrefab: {fileID: 100100000, guid: b3b1e2e6f4b11694797193e5eb9046fc, type: 2}
  m_IsPrefabParent: 0
--- !u!1001 &824297156
Prefab:
  m_ObjectHideFlags: 0
  serializedVersion: 2
  m_Modification:
    m_TransformParent: {fileID: 2016479315}
    m_Modifications:
    - target: {fileID: 4063396216225110, guid: f31c119142023fd49b57899d79f71ad1, type: 2}
      propertyPath: m_LocalPosition.x
      value: 0
      objectReference: {fileID: 0}
    - target: {fileID: 4063396216225110, guid: f31c119142023fd49b57899d79f71ad1, type: 2}
      propertyPath: m_LocalPosition.y
      value: 0
      objectReference: {fileID: 0}
    - target: {fileID: 4063396216225110, guid: f31c119142023fd49b57899d79f71ad1, type: 2}
      propertyPath: m_LocalPosition.z
      value: 0
      objectReference: {fileID: 0}
    - target: {fileID: 4063396216225110, guid: f31c119142023fd49b57899d79f71ad1, type: 2}
      propertyPath: m_LocalRotation.x
      value: -0
      objectReference: {fileID: 0}
    - target: {fileID: 4063396216225110, guid: f31c119142023fd49b57899d79f71ad1, type: 2}
      propertyPath: m_LocalRotation.y
      value: -0
      objectReference: {fileID: 0}
    - target: {fileID: 4063396216225110, guid: f31c119142023fd49b57899d79f71ad1, type: 2}
      propertyPath: m_LocalRotation.z
      value: -0
      objectReference: {fileID: 0}
    - target: {fileID: 4063396216225110, guid: f31c119142023fd49b57899d79f71ad1, type: 2}
      propertyPath: m_LocalRotation.w
      value: 1
      objectReference: {fileID: 0}
    - target: {fileID: 4063396216225110, guid: f31c119142023fd49b57899d79f71ad1, type: 2}
      propertyPath: m_RootOrder
      value: 2
      objectReference: {fileID: 0}
    m_RemovedComponents: []
  m_ParentPrefab: {fileID: 100100000, guid: f31c119142023fd49b57899d79f71ad1, type: 2}
  m_IsPrefabParent: 0
--- !u!1001 &908645992
Prefab:
  m_ObjectHideFlags: 0
  serializedVersion: 2
  m_Modification:
    m_TransformParent: {fileID: 2016479315}
    m_Modifications:
    - target: {fileID: 4353787770406422, guid: 89900b89192fd0b49a289bc24804b6d7, type: 2}
      propertyPath: m_LocalPosition.x
      value: 0
      objectReference: {fileID: 0}
    - target: {fileID: 4353787770406422, guid: 89900b89192fd0b49a289bc24804b6d7, type: 2}
      propertyPath: m_LocalPosition.y
      value: 0
      objectReference: {fileID: 0}
    - target: {fileID: 4353787770406422, guid: 89900b89192fd0b49a289bc24804b6d7, type: 2}
      propertyPath: m_LocalPosition.z
      value: 0
      objectReference: {fileID: 0}
    - target: {fileID: 4353787770406422, guid: 89900b89192fd0b49a289bc24804b6d7, type: 2}
      propertyPath: m_LocalRotation.x
      value: -0
      objectReference: {fileID: 0}
    - target: {fileID: 4353787770406422, guid: 89900b89192fd0b49a289bc24804b6d7, type: 2}
      propertyPath: m_LocalRotation.y
      value: -0
      objectReference: {fileID: 0}
    - target: {fileID: 4353787770406422, guid: 89900b89192fd0b49a289bc24804b6d7, type: 2}
      propertyPath: m_LocalRotation.z
      value: -0
      objectReference: {fileID: 0}
    - target: {fileID: 4353787770406422, guid: 89900b89192fd0b49a289bc24804b6d7, type: 2}
      propertyPath: m_LocalRotation.w
      value: 1
      objectReference: {fileID: 0}
    - target: {fileID: 4353787770406422, guid: 89900b89192fd0b49a289bc24804b6d7, type: 2}
      propertyPath: m_RootOrder
      value: 3
      objectReference: {fileID: 0}
    m_RemovedComponents: []
  m_ParentPrefab: {fileID: 100100000, guid: 89900b89192fd0b49a289bc24804b6d7, type: 2}
  m_IsPrefabParent: 0
--- !u!1001 &954798170
Prefab:
  m_ObjectHideFlags: 0
  serializedVersion: 2
  m_Modification:
    m_TransformParent: {fileID: 0}
    m_Modifications:
    - target: {fileID: 4280490767346066, guid: f3ca07de43d94db4da4ea5d05780f447, type: 2}
      propertyPath: m_LocalPosition.x
      value: 426
      objectReference: {fileID: 0}
    - target: {fileID: 4280490767346066, guid: f3ca07de43d94db4da4ea5d05780f447, type: 2}
      propertyPath: m_LocalPosition.y
      value: 239.5
      objectReference: {fileID: 0}
    - target: {fileID: 4280490767346066, guid: f3ca07de43d94db4da4ea5d05780f447, type: 2}
      propertyPath: m_LocalPosition.z
      value: 0
      objectReference: {fileID: 0}
    - target: {fileID: 4280490767346066, guid: f3ca07de43d94db4da4ea5d05780f447, type: 2}
      propertyPath: m_LocalRotation.x
      value: 0
      objectReference: {fileID: 0}
    - target: {fileID: 4280490767346066, guid: f3ca07de43d94db4da4ea5d05780f447, type: 2}
      propertyPath: m_LocalRotation.y
      value: 0
      objectReference: {fileID: 0}
    - target: {fileID: 4280490767346066, guid: f3ca07de43d94db4da4ea5d05780f447, type: 2}
      propertyPath: m_LocalRotation.z
      value: 0
      objectReference: {fileID: 0}
    - target: {fileID: 4280490767346066, guid: f3ca07de43d94db4da4ea5d05780f447, type: 2}
      propertyPath: m_LocalRotation.w
      value: 1
      objectReference: {fileID: 0}
    - target: {fileID: 4280490767346066, guid: f3ca07de43d94db4da4ea5d05780f447, type: 2}
      propertyPath: m_RootOrder
      value: 3
      objectReference: {fileID: 0}
    m_RemovedComponents: []
  m_ParentPrefab: {fileID: 100100000, guid: f3ca07de43d94db4da4ea5d05780f447, type: 2}
  m_IsPrefabParent: 0
--- !u!1001 &963520155
Prefab:
  m_ObjectHideFlags: 0
  serializedVersion: 2
  m_Modification:
    m_TransformParent: {fileID: 2016479315}
    m_Modifications:
    - target: {fileID: 4551595209820608, guid: fb1e43be7ce9ed54eaf836220d7c41a5, type: 2}
      propertyPath: m_LocalPosition.x
      value: 0
      objectReference: {fileID: 0}
    - target: {fileID: 4551595209820608, guid: fb1e43be7ce9ed54eaf836220d7c41a5, type: 2}
      propertyPath: m_LocalPosition.y
      value: 0
      objectReference: {fileID: 0}
    - target: {fileID: 4551595209820608, guid: fb1e43be7ce9ed54eaf836220d7c41a5, type: 2}
      propertyPath: m_LocalPosition.z
      value: 0
      objectReference: {fileID: 0}
    - target: {fileID: 4551595209820608, guid: fb1e43be7ce9ed54eaf836220d7c41a5, type: 2}
      propertyPath: m_LocalRotation.x
      value: -0
      objectReference: {fileID: 0}
    - target: {fileID: 4551595209820608, guid: fb1e43be7ce9ed54eaf836220d7c41a5, type: 2}
      propertyPath: m_LocalRotation.y
      value: -0
      objectReference: {fileID: 0}
    - target: {fileID: 4551595209820608, guid: fb1e43be7ce9ed54eaf836220d7c41a5, type: 2}
      propertyPath: m_LocalRotation.z
      value: -0
      objectReference: {fileID: 0}
    - target: {fileID: 4551595209820608, guid: fb1e43be7ce9ed54eaf836220d7c41a5, type: 2}
      propertyPath: m_LocalRotation.w
      value: 1
      objectReference: {fileID: 0}
    - target: {fileID: 4551595209820608, guid: fb1e43be7ce9ed54eaf836220d7c41a5, type: 2}
      propertyPath: m_RootOrder
      value: 1
      objectReference: {fileID: 0}
    m_RemovedComponents: []
  m_ParentPrefab: {fileID: 100100000, guid: fb1e43be7ce9ed54eaf836220d7c41a5, type: 2}
  m_IsPrefabParent: 0
--- !u!1 &968275057
GameObject:
  m_ObjectHideFlags: 0
  m_PrefabParentObject: {fileID: 0}
  m_PrefabInternal: {fileID: 0}
  serializedVersion: 5
  m_Component:
  - component: {fileID: 968275061}
  - component: {fileID: 968275060}
  - component: {fileID: 968275059}
  - component: {fileID: 968275058}
  m_Layer: 0
  m_Name: Main Camera
  m_TagString: MainCamera
  m_Icon: {fileID: 0}
  m_NavMeshLayer: 0
  m_StaticEditorFlags: 0
  m_IsActive: 1
--- !u!81 &968275058
AudioListener:
  m_ObjectHideFlags: 0
  m_PrefabParentObject: {fileID: 0}
  m_PrefabInternal: {fileID: 0}
  m_GameObject: {fileID: 968275057}
  m_Enabled: 1
--- !u!124 &968275059
Behaviour:
  m_ObjectHideFlags: 0
  m_PrefabParentObject: {fileID: 0}
  m_PrefabInternal: {fileID: 0}
  m_GameObject: {fileID: 968275057}
  m_Enabled: 1
--- !u!20 &968275060
Camera:
  m_ObjectHideFlags: 0
  m_PrefabParentObject: {fileID: 0}
  m_PrefabInternal: {fileID: 0}
  m_GameObject: {fileID: 968275057}
  m_Enabled: 1
  serializedVersion: 2
  m_ClearFlags: 1
  m_BackGroundColor: {r: 0.19215687, g: 0.3019608, b: 0.4745098, a: 0}
  m_NormalizedViewPortRect:
    serializedVersion: 2
    x: 0
    y: 0
    width: 1
    height: 1
  near clip plane: 0.3
  far clip plane: 1000
  field of view: 60
  orthographic: 0
  orthographic size: 5
  m_Depth: -1
  m_CullingMask:
    serializedVersion: 2
    m_Bits: 4294967295
  m_RenderingPath: -1
  m_TargetTexture: {fileID: 0}
  m_TargetDisplay: 0
  m_TargetEye: 3
  m_HDR: 1
  m_AllowMSAA: 1
  m_AllowDynamicResolution: 0
  m_ForceIntoRT: 0
  m_OcclusionCulling: 1
  m_StereoConvergence: 10
  m_StereoSeparation: 0.022
--- !u!4 &968275061
Transform:
  m_ObjectHideFlags: 0
  m_PrefabParentObject: {fileID: 0}
  m_PrefabInternal: {fileID: 0}
  m_GameObject: {fileID: 968275057}
  m_LocalRotation: {x: 0, y: 0, z: 0, w: 1}
  m_LocalPosition: {x: 0, y: 1, z: -8.3}
  m_LocalScale: {x: 1, y: 1, z: 1}
  m_Children: []
  m_Father: {fileID: 0}
  m_RootOrder: 0
  m_LocalEulerAnglesHint: {x: 0, y: 0, z: 0}
--- !u!1 &1090392426
GameObject:
  m_ObjectHideFlags: 0
  m_PrefabParentObject: {fileID: 0}
  m_PrefabInternal: {fileID: 0}
  serializedVersion: 5
  m_Component:
  - component: {fileID: 1090392428}
  - component: {fileID: 1090392427}
  m_Layer: 0
  m_Name: Directional Light
  m_TagString: Untagged
  m_Icon: {fileID: 0}
  m_NavMeshLayer: 0
  m_StaticEditorFlags: 0
  m_IsActive: 1
--- !u!108 &1090392427
Light:
  m_ObjectHideFlags: 0
  m_PrefabParentObject: {fileID: 0}
  m_PrefabInternal: {fileID: 0}
  m_GameObject: {fileID: 1090392426}
  m_Enabled: 1
  serializedVersion: 8
  m_Type: 1
  m_Color: {r: 1, g: 0.95686275, b: 0.8392157, a: 1}
  m_Intensity: 1
  m_Range: 10
  m_SpotAngle: 30
  m_CookieSize: 10
  m_Shadows:
    m_Type: 2
    m_Resolution: -1
    m_CustomResolution: -1
    m_Strength: 1
    m_Bias: 0.05
    m_NormalBias: 0.4
    m_NearPlane: 0.2
  m_Cookie: {fileID: 0}
  m_DrawHalo: 0
  m_Flare: {fileID: 0}
  m_RenderMode: 0
  m_CullingMask:
    serializedVersion: 2
    m_Bits: 4294967295
  m_Lightmapping: 4
  m_AreaSize: {x: 1, y: 1}
  m_BounceIntensity: 1
  m_ColorTemperature: 6570
  m_UseColorTemperature: 0
  m_ShadowRadius: 0
  m_ShadowAngle: 0
--- !u!4 &1090392428
Transform:
  m_ObjectHideFlags: 0
  m_PrefabParentObject: {fileID: 0}
  m_PrefabInternal: {fileID: 0}
  m_GameObject: {fileID: 1090392426}
  m_LocalRotation: {x: 0.40821788, y: -0.23456968, z: 0.10938163, w: 0.8754261}
  m_LocalPosition: {x: 0, y: 3, z: 0}
  m_LocalScale: {x: 1, y: 1, z: 1}
  m_Children: []
  m_Father: {fileID: 0}
  m_RootOrder: 1
  m_LocalEulerAnglesHint: {x: 50, y: -30, z: 0}
--- !u!4 &1095791787 stripped
Transform:
  m_PrefabParentObject: {fileID: 4063396216225110, guid: f31c119142023fd49b57899d79f71ad1,
    type: 2}
  m_PrefabInternal: {fileID: 824297156}
--- !u!1001 &1137275354
Prefab:
  m_ObjectHideFlags: 0
  serializedVersion: 2
  m_Modification:
    m_TransformParent: {fileID: 2016479315}
    m_Modifications:
    - target: {fileID: 4837480460031640, guid: 1eb73aaaac00db7449d3e745fb7366f7, type: 2}
      propertyPath: m_LocalPosition.x
      value: 0
      objectReference: {fileID: 0}
    - target: {fileID: 4837480460031640, guid: 1eb73aaaac00db7449d3e745fb7366f7, type: 2}
      propertyPath: m_LocalPosition.y
      value: 0
      objectReference: {fileID: 0}
    - target: {fileID: 4837480460031640, guid: 1eb73aaaac00db7449d3e745fb7366f7, type: 2}
      propertyPath: m_LocalPosition.z
      value: 0
      objectReference: {fileID: 0}
    - target: {fileID: 4837480460031640, guid: 1eb73aaaac00db7449d3e745fb7366f7, type: 2}
      propertyPath: m_LocalRotation.x
      value: -0
      objectReference: {fileID: 0}
    - target: {fileID: 4837480460031640, guid: 1eb73aaaac00db7449d3e745fb7366f7, type: 2}
      propertyPath: m_LocalRotation.y
      value: -0
      objectReference: {fileID: 0}
    - target: {fileID: 4837480460031640, guid: 1eb73aaaac00db7449d3e745fb7366f7, type: 2}
      propertyPath: m_LocalRotation.z
      value: -0
      objectReference: {fileID: 0}
    - target: {fileID: 4837480460031640, guid: 1eb73aaaac00db7449d3e745fb7366f7, type: 2}
      propertyPath: m_LocalRotation.w
      value: 1
      objectReference: {fileID: 0}
    - target: {fileID: 4837480460031640, guid: 1eb73aaaac00db7449d3e745fb7366f7, type: 2}
      propertyPath: m_RootOrder
      value: 6
      objectReference: {fileID: 0}
    m_RemovedComponents: []
  m_ParentPrefab: {fileID: 100100000, guid: 1eb73aaaac00db7449d3e745fb7366f7, type: 2}
  m_IsPrefabParent: 0
--- !u!4 &1298083167 stripped
Transform:
  m_PrefabParentObject: {fileID: 4353787770406422, guid: 89900b89192fd0b49a289bc24804b6d7,
    type: 2}
  m_PrefabInternal: {fileID: 908645992}
--- !u!1001 &1404156364
Prefab:
  m_ObjectHideFlags: 0
  serializedVersion: 2
  m_Modification:
    m_TransformParent: {fileID: 2016479315}
    m_Modifications:
    - target: {fileID: 4488783570226692, guid: dfcf6c52eee872342ab271f88e9d913f, type: 2}
      propertyPath: m_LocalPosition.x
      value: 0
      objectReference: {fileID: 0}
    - target: {fileID: 4488783570226692, guid: dfcf6c52eee872342ab271f88e9d913f, type: 2}
      propertyPath: m_LocalPosition.y
      value: 0
      objectReference: {fileID: 0}
    - target: {fileID: 4488783570226692, guid: dfcf6c52eee872342ab271f88e9d913f, type: 2}
      propertyPath: m_LocalPosition.z
      value: 0
      objectReference: {fileID: 0}
    - target: {fileID: 4488783570226692, guid: dfcf6c52eee872342ab271f88e9d913f, type: 2}
      propertyPath: m_LocalRotation.x
      value: -0
      objectReference: {fileID: 0}
    - target: {fileID: 4488783570226692, guid: dfcf6c52eee872342ab271f88e9d913f, type: 2}
      propertyPath: m_LocalRotation.y
      value: -0
      objectReference: {fileID: 0}
    - target: {fileID: 4488783570226692, guid: dfcf6c52eee872342ab271f88e9d913f, type: 2}
      propertyPath: m_LocalRotation.z
      value: -0
      objectReference: {fileID: 0}
    - target: {fileID: 4488783570226692, guid: dfcf6c52eee872342ab271f88e9d913f, type: 2}
      propertyPath: m_LocalRotation.w
      value: 1
      objectReference: {fileID: 0}
    - target: {fileID: 4488783570226692, guid: dfcf6c52eee872342ab271f88e9d913f, type: 2}
      propertyPath: m_RootOrder
      value: 5
      objectReference: {fileID: 0}
    m_RemovedComponents: []
  m_ParentPrefab: {fileID: 100100000, guid: dfcf6c52eee872342ab271f88e9d913f, type: 2}
  m_IsPrefabParent: 0
--- !u!4 &1404156365 stripped
Transform:
  m_PrefabParentObject: {fileID: 4488783570226692, guid: dfcf6c52eee872342ab271f88e9d913f,
    type: 2}
  m_PrefabInternal: {fileID: 1404156364}
--- !u!114 &1548993559 stripped
MonoBehaviour:
  m_PrefabParentObject: {fileID: 114800606103549342, guid: f3ca07de43d94db4da4ea5d05780f447,
    type: 2}
  m_PrefabInternal: {fileID: 954798170}
  m_Script: {fileID: 11500000, guid: 2a8a76b8f4162a444ab2a4de3c361336, type: 3}
--- !u!114 &1881993387 stripped
MonoBehaviour:
  m_PrefabParentObject: {fileID: 114077547074454260, guid: 5c613475185e26a498c43a991631b286,
    type: 2}
  m_PrefabInternal: {fileID: 695432793}
  m_Script: {fileID: 11500000, guid: eeefca14d42d27148b863830b9972e8f, type: 3}
--- !u!1 &2016479314
GameObject:
  m_ObjectHideFlags: 0
  m_PrefabParentObject: {fileID: 0}
  m_PrefabInternal: {fileID: 0}
  serializedVersion: 5
  m_Component:
  - component: {fileID: 2016479315}
  m_Layer: 0
  m_Name: GameObject
  m_TagString: Untagged
  m_Icon: {fileID: 0}
  m_NavMeshLayer: 0
  m_StaticEditorFlags: 0
  m_IsActive: 0
--- !u!4 &2016479315
Transform:
  m_ObjectHideFlags: 0
  m_PrefabParentObject: {fileID: 0}
  m_PrefabInternal: {fileID: 0}
  m_GameObject: {fileID: 2016479314}
  m_LocalRotation: {x: 0, y: 0, z: 0, w: 1}
  m_LocalPosition: {x: 0, y: 0, z: 0}
  m_LocalScale: {x: 1, y: 1, z: 1}
  m_Children:
  - {fileID: 532672728}
  - {fileID: 733879588}
  - {fileID: 1095791787}
  - {fileID: 1298083167}
  - {fileID: 472831303}
  - {fileID: 1404156365}
  - {fileID: 399918081}
  m_Father: {fileID: 0}
  m_RootOrder: 6
  m_LocalEulerAnglesHint: {x: 0, y: 0, z: 0}
--- !u!1001 &2129399770
Prefab:
  m_ObjectHideFlags: 0
  serializedVersion: 2
  m_Modification:
    m_TransformParent: {fileID: 0}
    m_Modifications:
    - target: {fileID: 4772794099547786, guid: 4ee8165d8a21ee140bb078dcd791c898, type: 2}
      propertyPath: m_LocalPosition.x
      value: 100.24417
      objectReference: {fileID: 0}
    - target: {fileID: 4772794099547786, guid: 4ee8165d8a21ee140bb078dcd791c898, type: 2}
      propertyPath: m_LocalPosition.y
      value: 186.54852
      objectReference: {fileID: 0}
    - target: {fileID: 4772794099547786, guid: 4ee8165d8a21ee140bb078dcd791c898, type: 2}
      propertyPath: m_LocalPosition.z
      value: 116.265625
      objectReference: {fileID: 0}
    - target: {fileID: 4772794099547786, guid: 4ee8165d8a21ee140bb078dcd791c898, type: 2}
      propertyPath: m_LocalRotation.x
      value: 0
      objectReference: {fileID: 0}
    - target: {fileID: 4772794099547786, guid: 4ee8165d8a21ee140bb078dcd791c898, type: 2}
      propertyPath: m_LocalRotation.y
      value: 0
      objectReference: {fileID: 0}
    - target: {fileID: 4772794099547786, guid: 4ee8165d8a21ee140bb078dcd791c898, type: 2}
      propertyPath: m_LocalRotation.z
      value: 0
      objectReference: {fileID: 0}
    - target: {fileID: 4772794099547786, guid: 4ee8165d8a21ee140bb078dcd791c898, type: 2}
      propertyPath: m_LocalRotation.w
      value: 1
      objectReference: {fileID: 0}
    - target: {fileID: 4772794099547786, guid: 4ee8165d8a21ee140bb078dcd791c898, type: 2}
      propertyPath: m_RootOrder
      value: 4
      objectReference: {fileID: 0}
    m_RemovedComponents: []
  m_ParentPrefab: {fileID: 100100000, guid: 4ee8165d8a21ee140bb078dcd791c898, type: 2}
  m_IsPrefabParent: 0
