%YAML 1.1
%TAG !u! tag:unity3d.com,2011:
--- !u!29 &1
OcclusionCullingSettings:
  m_ObjectHideFlags: 0
  serializedVersion: 2
  m_OcclusionBakeSettings:
    smallestOccluder: 5
    smallestHole: 0.25
    backfaceThreshold: 100
  m_SceneGUID: 00000000000000000000000000000000
  m_OcclusionCullingData: {fileID: 0}
--- !u!104 &2
RenderSettings:
  m_ObjectHideFlags: 0
  serializedVersion: 9
  m_Fog: 0
  m_FogColor: {r: 0.5, g: 0.5, b: 0.5, a: 1}
  m_FogMode: 3
  m_FogDensity: 0.01
  m_LinearFogStart: 0
  m_LinearFogEnd: 300
  m_AmbientSkyColor: {r: 0.212, g: 0.227, b: 0.259, a: 1}
  m_AmbientEquatorColor: {r: 0.114, g: 0.125, b: 0.133, a: 1}
  m_AmbientGroundColor: {r: 0.047, g: 0.043, b: 0.035, a: 1}
  m_AmbientIntensity: 1
  m_AmbientMode: 0
  m_SubtractiveShadowColor: {r: 0.42, g: 0.478, b: 0.627, a: 1}
  m_SkyboxMaterial: {fileID: 10304, guid: 0000000000000000f000000000000000, type: 0}
  m_HaloStrength: 0.5
  m_FlareStrength: 1
  m_FlareFadeSpeed: 3
  m_HaloTexture: {fileID: 0}
  m_SpotCookie: {fileID: 10001, guid: 0000000000000000e000000000000000, type: 0}
  m_DefaultReflectionMode: 0
  m_DefaultReflectionResolution: 128
  m_ReflectionBounces: 1
  m_ReflectionIntensity: 1
  m_CustomReflection: {fileID: 0}
  m_Sun: {fileID: 0}
  m_IndirectSpecularColor: {r: 0.44657898, g: 0.4964133, b: 0.5748178, a: 1}
  m_UseRadianceAmbientProbe: 0
--- !u!157 &3
LightmapSettings:
  m_ObjectHideFlags: 0
  serializedVersion: 11
  m_GIWorkflowMode: 0
  m_GISettings:
    serializedVersion: 2
    m_BounceScale: 1
    m_IndirectOutputScale: 1
    m_AlbedoBoost: 1
    m_TemporalCoherenceThreshold: 1
    m_EnvironmentLightingMode: 0
    m_EnableBakedLightmaps: 1
    m_EnableRealtimeLightmaps: 1
  m_LightmapEditorSettings:
    serializedVersion: 10
    m_Resolution: 2
    m_BakeResolution: 40
    m_AtlasSize: 1024
    m_AO: 0
    m_AOMaxDistance: 1
    m_CompAOExponent: 1
    m_CompAOExponentDirect: 0
    m_Padding: 2
    m_LightmapParameters: {fileID: 0}
    m_LightmapsBakeMode: 1
    m_TextureCompression: 1
    m_FinalGather: 0
    m_FinalGatherFiltering: 1
    m_FinalGatherRayCount: 256
    m_ReflectionCompression: 2
    m_MixedBakeMode: 2
    m_BakeBackend: 1
    m_PVRSampling: 1
    m_PVRDirectSampleCount: 32
    m_PVRSampleCount: 500
    m_PVRBounces: 2
    m_PVRFilterTypeDirect: 0
    m_PVRFilterTypeIndirect: 0
    m_PVRFilterTypeAO: 0
    m_PVRFilteringMode: 1
    m_PVRCulling: 1
    m_PVRFilteringGaussRadiusDirect: 1
    m_PVRFilteringGaussRadiusIndirect: 5
    m_PVRFilteringGaussRadiusAO: 2
    m_PVRFilteringAtrousPositionSigmaDirect: 0.5
    m_PVRFilteringAtrousPositionSigmaIndirect: 2
    m_PVRFilteringAtrousPositionSigmaAO: 1
    m_ShowResolutionOverlay: 1
  m_LightingDataAsset: {fileID: 0}
  m_UseShadowmask: 1
--- !u!196 &4
NavMeshSettings:
  serializedVersion: 2
  m_ObjectHideFlags: 0
  m_BuildSettings:
    serializedVersion: 2
    agentTypeID: 0
    agentRadius: 0.5
    agentHeight: 2
    agentSlope: 45
    agentClimb: 0.4
    ledgeDropHeight: 0
    maxJumpAcrossDistance: 0
    minRegionArea: 2
    manualCellSize: 0
    cellSize: 0.16666667
    manualTileSize: 0
    tileSize: 256
    accuratePlacement: 0
    debug:
      m_Flags: 0
  m_NavMeshData: {fileID: 0}
--- !u!1 &44284428
GameObject:
  m_ObjectHideFlags: 0
  m_PrefabParentObject: {fileID: 0}
  m_PrefabInternal: {fileID: 0}
  serializedVersion: 5
  m_Component:
  - component: {fileID: 44284431}
  - component: {fileID: 44284430}
  - component: {fileID: 44284429}
  m_Layer: 0
  m_Name: EventSystem
  m_TagString: Untagged
  m_Icon: {fileID: 0}
  m_NavMeshLayer: 0
  m_StaticEditorFlags: 0
  m_IsActive: 1
--- !u!114 &44284429
MonoBehaviour:
  m_ObjectHideFlags: 0
  m_PrefabParentObject: {fileID: 0}
  m_PrefabInternal: {fileID: 0}
  m_GameObject: {fileID: 44284428}
  m_Enabled: 1
  m_EditorHideFlags: 0
  m_Script: {fileID: 1077351063, guid: f5f67c52d1564df4a8936ccd202a3bd8, type: 3}
  m_Name: 
  m_EditorClassIdentifier: 
  m_HorizontalAxis: Horizontal
  m_VerticalAxis: Vertical
  m_SubmitButton: Submit
  m_CancelButton: Cancel
  m_InputActionsPerSecond: 10
  m_RepeatDelay: 0.5
  m_ForceModuleActive: 0
--- !u!114 &44284430
MonoBehaviour:
  m_ObjectHideFlags: 0
  m_PrefabParentObject: {fileID: 0}
  m_PrefabInternal: {fileID: 0}
  m_GameObject: {fileID: 44284428}
  m_Enabled: 1
  m_EditorHideFlags: 0
  m_Script: {fileID: -619905303, guid: f5f67c52d1564df4a8936ccd202a3bd8, type: 3}
  m_Name: 
  m_EditorClassIdentifier: 
  m_FirstSelected: {fileID: 0}
  m_sendNavigationEvents: 1
  m_DragThreshold: 10
--- !u!4 &44284431
Transform:
  m_ObjectHideFlags: 0
  m_PrefabParentObject: {fileID: 0}
  m_PrefabInternal: {fileID: 0}
  m_GameObject: {fileID: 44284428}
  m_LocalRotation: {x: 0, y: 0, z: 0, w: 1}
  m_LocalPosition: {x: 0, y: 0, z: 0}
  m_LocalScale: {x: 1, y: 1, z: 1}
  m_Children: []
  m_Father: {fileID: 0}
  m_RootOrder: 9
  m_LocalEulerAnglesHint: {x: 0, y: 0, z: 0}
--- !u!114 &100892273 stripped
MonoBehaviour:
  m_PrefabParentObject: {fileID: 114077547074454260, guid: 5c613475185e26a498c43a991631b286,
    type: 2}
  m_PrefabInternal: {fileID: 1919313068}
  m_Script: {fileID: 11500000, guid: eeefca14d42d27148b863830b9972e8f, type: 3}
--- !u!1001 &124485411
Prefab:
  m_ObjectHideFlags: 0
  serializedVersion: 2
  m_Modification:
    m_TransformParent: {fileID: 0}
    m_Modifications:
    - target: {fileID: 4232087494377506, guid: efa2549ac61ee764b8aff4fe7e487123, type: 2}
      propertyPath: m_LocalPosition.x
      value: 0.23000014
      objectReference: {fileID: 0}
    - target: {fileID: 4232087494377506, guid: efa2549ac61ee764b8aff4fe7e487123, type: 2}
      propertyPath: m_LocalPosition.y
      value: -0.4285102
      objectReference: {fileID: 0}
    - target: {fileID: 4232087494377506, guid: efa2549ac61ee764b8aff4fe7e487123, type: 2}
      propertyPath: m_LocalPosition.z
      value: -0.22173476
      objectReference: {fileID: 0}
    - target: {fileID: 4232087494377506, guid: efa2549ac61ee764b8aff4fe7e487123, type: 2}
      propertyPath: m_LocalRotation.x
      value: 0
      objectReference: {fileID: 0}
    - target: {fileID: 4232087494377506, guid: efa2549ac61ee764b8aff4fe7e487123, type: 2}
      propertyPath: m_LocalRotation.y
      value: 0
      objectReference: {fileID: 0}
    - target: {fileID: 4232087494377506, guid: efa2549ac61ee764b8aff4fe7e487123, type: 2}
      propertyPath: m_LocalRotation.z
      value: 0
      objectReference: {fileID: 0}
    - target: {fileID: 4232087494377506, guid: efa2549ac61ee764b8aff4fe7e487123, type: 2}
      propertyPath: m_LocalRotation.w
      value: 1
      objectReference: {fileID: 0}
    - target: {fileID: 4232087494377506, guid: efa2549ac61ee764b8aff4fe7e487123, type: 2}
      propertyPath: m_RootOrder
      value: 5
      objectReference: {fileID: 0}
    m_RemovedComponents: []
  m_ParentPrefab: {fileID: 100100000, guid: efa2549ac61ee764b8aff4fe7e487123, type: 2}
  m_IsPrefabParent: 0
--- !u!1 &620690193
GameObject:
  m_ObjectHideFlags: 0
  m_PrefabParentObject: {fileID: 0}
  m_PrefabInternal: {fileID: 0}
  serializedVersion: 5
  m_Component:
  - component: {fileID: 620690195}
  - component: {fileID: 620690194}
  m_Layer: 0
  m_Name: Directional Light
  m_TagString: Untagged
  m_Icon: {fileID: 0}
  m_NavMeshLayer: 0
  m_StaticEditorFlags: 0
  m_IsActive: 1
--- !u!108 &620690194
Light:
  m_ObjectHideFlags: 0
  m_PrefabParentObject: {fileID: 0}
  m_PrefabInternal: {fileID: 0}
  m_GameObject: {fileID: 620690193}
  m_Enabled: 1
  serializedVersion: 8
  m_Type: 1
  m_Color: {r: 1, g: 0.95686275, b: 0.8392157, a: 1}
  m_Intensity: 1
  m_Range: 10
  m_SpotAngle: 30
  m_CookieSize: 10
  m_Shadows:
    m_Type: 2
    m_Resolution: -1
    m_CustomResolution: -1
    m_Strength: 1
    m_Bias: 0.05
    m_NormalBias: 0.4
    m_NearPlane: 0.2
  m_Cookie: {fileID: 0}
  m_DrawHalo: 0
  m_Flare: {fileID: 0}
  m_RenderMode: 0
  m_CullingMask:
    serializedVersion: 2
    m_Bits: 4294967295
  m_Lightmapping: 4
  m_AreaSize: {x: 1, y: 1}
  m_BounceIntensity: 1
  m_ColorTemperature: 6570
  m_UseColorTemperature: 0
  m_ShadowRadius: 0
  m_ShadowAngle: 0
--- !u!4 &620690195
Transform:
  m_ObjectHideFlags: 0
  m_PrefabParentObject: {fileID: 0}
  m_PrefabInternal: {fileID: 0}
  m_GameObject: {fileID: 620690193}
  m_LocalRotation: {x: 0.40821788, y: -0.23456968, z: 0.10938163, w: 0.8754261}
  m_LocalPosition: {x: 0, y: 3, z: 0}
  m_LocalScale: {x: 1, y: 1, z: 1}
  m_Children: []
  m_Father: {fileID: 0}
  m_RootOrder: 8
  m_LocalEulerAnglesHint: {x: 50, y: -30, z: 0}
--- !u!1001 &690419490
Prefab:
  m_ObjectHideFlags: 0
  serializedVersion: 2
  m_Modification:
    m_TransformParent: {fileID: 0}
    m_Modifications:
    - target: {fileID: 4295108713434684, guid: 7b84e2862ee80a348957279979bf3e64, type: 2}
      propertyPath: m_LocalPosition.x
      value: 0
      objectReference: {fileID: 0}
    - target: {fileID: 4295108713434684, guid: 7b84e2862ee80a348957279979bf3e64, type: 2}
      propertyPath: m_LocalPosition.y
      value: 0
      objectReference: {fileID: 0}
    - target: {fileID: 4295108713434684, guid: 7b84e2862ee80a348957279979bf3e64, type: 2}
      propertyPath: m_LocalPosition.z
      value: -32
      objectReference: {fileID: 0}
    - target: {fileID: 4295108713434684, guid: 7b84e2862ee80a348957279979bf3e64, type: 2}
      propertyPath: m_LocalRotation.x
      value: 0.7071068
      objectReference: {fileID: 0}
    - target: {fileID: 4295108713434684, guid: 7b84e2862ee80a348957279979bf3e64, type: 2}
      propertyPath: m_LocalRotation.y
      value: -0
      objectReference: {fileID: 0}
    - target: {fileID: 4295108713434684, guid: 7b84e2862ee80a348957279979bf3e64, type: 2}
      propertyPath: m_LocalRotation.z
      value: -0
      objectReference: {fileID: 0}
    - target: {fileID: 4295108713434684, guid: 7b84e2862ee80a348957279979bf3e64, type: 2}
      propertyPath: m_LocalRotation.w
      value: 0.7071068
      objectReference: {fileID: 0}
    - target: {fileID: 4295108713434684, guid: 7b84e2862ee80a348957279979bf3e64, type: 2}
      propertyPath: m_RootOrder
      value: 1
      objectReference: {fileID: 0}
    - target: {fileID: 114741299861693850, guid: 7b84e2862ee80a348957279979bf3e64,
        type: 2}
      propertyPath: m_canvas
      value: 
      objectReference: {fileID: 1028814553}
    - target: {fileID: 114802593031769054, guid: 7b84e2862ee80a348957279979bf3e64,
        type: 2}
      propertyPath: m_tileFactory
      value: 
      objectReference: {fileID: 2053309795}
    - target: {fileID: 114802593031769054, guid: 7b84e2862ee80a348957279979bf3e64,
        type: 2}
      propertyPath: m_bombFactory
      value: 
      objectReference: {fileID: 100892273}
    - target: {fileID: 114324096496045512, guid: 7b84e2862ee80a348957279979bf3e64,
        type: 2}
      propertyPath: m_explosionType
      value: 
      objectReference: {fileID: 1040552592955594, guid: 6c0339790a15dbf41b8696c2ea414ee4,
        type: 2}
    m_RemovedComponents: []
  m_ParentPrefab: {fileID: 100100000, guid: 7b84e2862ee80a348957279979bf3e64, type: 2}
  m_IsPrefabParent: 0
--- !u!1001 &943997525
Prefab:
  m_ObjectHideFlags: 0
  serializedVersion: 2
  m_Modification:
    m_TransformParent: {fileID: 0}
    m_Modifications:
    - target: {fileID: 4819859943012348, guid: 22526040d41904441ae99e75c3c1f440, type: 2}
      propertyPath: m_LocalPosition.x
      value: -0.4822178
      objectReference: {fileID: 0}
    - target: {fileID: 4819859943012348, guid: 22526040d41904441ae99e75c3c1f440, type: 2}
      propertyPath: m_LocalPosition.y
      value: -1.7502587
      objectReference: {fileID: 0}
    - target: {fileID: 4819859943012348, guid: 22526040d41904441ae99e75c3c1f440, type: 2}
      propertyPath: m_LocalPosition.z
      value: 1.0192559
      objectReference: {fileID: 0}
    - target: {fileID: 4819859943012348, guid: 22526040d41904441ae99e75c3c1f440, type: 2}
      propertyPath: m_LocalRotation.x
      value: 0
      objectReference: {fileID: 0}
    - target: {fileID: 4819859943012348, guid: 22526040d41904441ae99e75c3c1f440, type: 2}
      propertyPath: m_LocalRotation.y
      value: 0
      objectReference: {fileID: 0}
    - target: {fileID: 4819859943012348, guid: 22526040d41904441ae99e75c3c1f440, type: 2}
      propertyPath: m_LocalRotation.z
      value: 0
      objectReference: {fileID: 0}
    - target: {fileID: 4819859943012348, guid: 22526040d41904441ae99e75c3c1f440, type: 2}
      propertyPath: m_LocalRotation.w
      value: 1
      objectReference: {fileID: 0}
    - target: {fileID: 4819859943012348, guid: 22526040d41904441ae99e75c3c1f440, type: 2}
      propertyPath: m_RootOrder
      value: 0
      objectReference: {fileID: 0}
    - target: {fileID: 114263162489842778, guid: 22526040d41904441ae99e75c3c1f440,
        type: 2}
      propertyPath: useStartPanel
      value: 1
      objectReference: {fileID: 0}
    m_RemovedComponents: []
  m_ParentPrefab: {fileID: 100100000, guid: 22526040d41904441ae99e75c3c1f440, type: 2}
  m_IsPrefabParent: 0
--- !u!1 &1028814553 stripped
GameObject:
  m_PrefabParentObject: {fileID: 1678075264263636, guid: 7a01d6e37c5dd364ab33980324b47f83,
    type: 2}
  m_PrefabInternal: {fileID: 2136504569}
--- !u!1001 &1134687696
Prefab:
  m_ObjectHideFlags: 0
  serializedVersion: 2
  m_Modification:
    m_TransformParent: {fileID: 0}
    m_Modifications:
    - target: {fileID: 114727250686768918, guid: 4ee8165d8a21ee140bb078dcd791c898,
        type: 2}
      propertyPath: m_boardPaths.Array.size
      value: 17
      objectReference: {fileID: 0}
    - target: {fileID: 4772794099547786, guid: 4ee8165d8a21ee140bb078dcd791c898, type: 2}
      propertyPath: m_LocalPosition.x
      value: 100.24417
      objectReference: {fileID: 0}
    - target: {fileID: 4772794099547786, guid: 4ee8165d8a21ee140bb078dcd791c898, type: 2}
      propertyPath: m_LocalPosition.y
      value: 186.54852
      objectReference: {fileID: 0}
    - target: {fileID: 4772794099547786, guid: 4ee8165d8a21ee140bb078dcd791c898, type: 2}
      propertyPath: m_LocalPosition.z
      value: 116.265625
      objectReference: {fileID: 0}
    - target: {fileID: 4772794099547786, guid: 4ee8165d8a21ee140bb078dcd791c898, type: 2}
      propertyPath: m_LocalRotation.x
      value: 0
      objectReference: {fileID: 0}
    - target: {fileID: 4772794099547786, guid: 4ee8165d8a21ee140bb078dcd791c898, type: 2}
      propertyPath: m_LocalRotation.y
      value: 0
      objectReference: {fileID: 0}
    - target: {fileID: 4772794099547786, guid: 4ee8165d8a21ee140bb078dcd791c898, type: 2}
      propertyPath: m_LocalRotation.z
      value: 0
      objectReference: {fileID: 0}
    - target: {fileID: 4772794099547786, guid: 4ee8165d8a21ee140bb078dcd791c898, type: 2}
      propertyPath: m_LocalRotation.w
      value: 1
      objectReference: {fileID: 0}
    - target: {fileID: 4772794099547786, guid: 4ee8165d8a21ee140bb078dcd791c898, type: 2}
      propertyPath: m_RootOrder
      value: 3
      objectReference: {fileID: 0}
    - target: {fileID: 114727250686768918, guid: 4ee8165d8a21ee140bb078dcd791c898,
        type: 2}
      propertyPath: m_boardPaths.Array.data[12]
      value: boards/level_12
      objectReference: {fileID: 0}
    - target: {fileID: 114727250686768918, guid: 4ee8165d8a21ee140bb078dcd791c898,
        type: 2}
      propertyPath: m_boardPaths.Array.data[13]
      value: boards/level_13
      objectReference: {fileID: 0}
    - target: {fileID: 114727250686768918, guid: 4ee8165d8a21ee140bb078dcd791c898,
        type: 2}
      propertyPath: m_boardPaths.Array.data[14]
      value: boards/level_14
      objectReference: {fileID: 0}
    - target: {fileID: 114727250686768918, guid: 4ee8165d8a21ee140bb078dcd791c898,
        type: 2}
      propertyPath: m_boardPaths.Array.data[15]
      value: boards/level_15
      objectReference: {fileID: 0}
    - target: {fileID: 114727250686768918, guid: 4ee8165d8a21ee140bb078dcd791c898,
        type: 2}
      propertyPath: m_boardPaths.Array.data[16]
      value: boards/level_16
      objectReference: {fileID: 0}
    m_RemovedComponents: []
  m_ParentPrefab: {fileID: 100100000, guid: 4ee8165d8a21ee140bb078dcd791c898, type: 2}
  m_IsPrefabParent: 0
--- !u!1001 &1206657779
Prefab:
  m_ObjectHideFlags: 0
  serializedVersion: 2
  m_Modification:
    m_TransformParent: {fileID: 0}
    m_Modifications:
    - target: {fileID: 4280490767346066, guid: f3ca07de43d94db4da4ea5d05780f447, type: 2}
      propertyPath: m_LocalPosition.x
      value: 426
      objectReference: {fileID: 0}
    - target: {fileID: 4280490767346066, guid: f3ca07de43d94db4da4ea5d05780f447, type: 2}
      propertyPath: m_LocalPosition.y
      value: 239.5
      objectReference: {fileID: 0}
    - target: {fileID: 4280490767346066, guid: f3ca07de43d94db4da4ea5d05780f447, type: 2}
      propertyPath: m_LocalPosition.z
      value: 0
      objectReference: {fileID: 0}
    - target: {fileID: 4280490767346066, guid: f3ca07de43d94db4da4ea5d05780f447, type: 2}
      propertyPath: m_LocalRotation.x
      value: 0
      objectReference: {fileID: 0}
    - target: {fileID: 4280490767346066, guid: f3ca07de43d94db4da4ea5d05780f447, type: 2}
      propertyPath: m_LocalRotation.y
      value: 0
      objectReference: {fileID: 0}
    - target: {fileID: 4280490767346066, guid: f3ca07de43d94db4da4ea5d05780f447, type: 2}
      propertyPath: m_LocalRotation.z
      value: 0
      objectReference: {fileID: 0}
    - target: {fileID: 4280490767346066, guid: f3ca07de43d94db4da4ea5d05780f447, type: 2}
      propertyPath: m_LocalRotation.w
      value: 1
      objectReference: {fileID: 0}
    - target: {fileID: 4280490767346066, guid: f3ca07de43d94db4da4ea5d05780f447, type: 2}
      propertyPath: m_RootOrder
      value: 2
      objectReference: {fileID: 0}
    m_RemovedComponents: []
  m_ParentPrefab: {fileID: 100100000, guid: f3ca07de43d94db4da4ea5d05780f447, type: 2}
  m_IsPrefabParent: 0
--- !u!1001 &1919313068
Prefab:
  m_ObjectHideFlags: 0
  serializedVersion: 2
  m_Modification:
    m_TransformParent: {fileID: 0}
    m_Modifications:
    - target: {fileID: 4244495153879972, guid: 5c613475185e26a498c43a991631b286, type: 2}
      propertyPath: m_LocalPosition.x
      value: 429.5
      objectReference: {fileID: 0}
    - target: {fileID: 4244495153879972, guid: 5c613475185e26a498c43a991631b286, type: 2}
      propertyPath: m_LocalPosition.y
      value: 214.5
      objectReference: {fileID: 0}
    - target: {fileID: 4244495153879972, guid: 5c613475185e26a498c43a991631b286, type: 2}
      propertyPath: m_LocalPosition.z
      value: 0
      objectReference: {fileID: 0}
    - target: {fileID: 4244495153879972, guid: 5c613475185e26a498c43a991631b286, type: 2}
      propertyPath: m_LocalRotation.x
      value: 0
      objectReference: {fileID: 0}
    - target: {fileID: 4244495153879972, guid: 5c613475185e26a498c43a991631b286, type: 2}
      propertyPath: m_LocalRotation.y
      value: 0
      objectReference: {fileID: 0}
    - target: {fileID: 4244495153879972, guid: 5c613475185e26a498c43a991631b286, type: 2}
      propertyPath: m_LocalRotation.z
      value: 0
      objectReference: {fileID: 0}
    - target: {fileID: 4244495153879972, guid: 5c613475185e26a498c43a991631b286, type: 2}
      propertyPath: m_LocalRotation.w
      value: 1
      objectReference: {fileID: 0}
    - target: {fileID: 4244495153879972, guid: 5c613475185e26a498c43a991631b286, type: 2}
      propertyPath: m_RootOrder
      value: 4
      objectReference: {fileID: 0}
    m_RemovedComponents: []
  m_ParentPrefab: {fileID: 100100000, guid: 5c613475185e26a498c43a991631b286, type: 2}
  m_IsPrefabParent: 0
--- !u!114 &2053309795 stripped
MonoBehaviour:
  m_PrefabParentObject: {fileID: 114800606103549342, guid: f3ca07de43d94db4da4ea5d05780f447,
    type: 2}
  m_PrefabInternal: {fileID: 1206657779}
  m_Script: {fileID: 11500000, guid: 2a8a76b8f4162a444ab2a4de3c361336, type: 3}
--- !u!1 &2108879921
GameObject:
  m_ObjectHideFlags: 0
  m_PrefabParentObject: {fileID: 0}
  m_PrefabInternal: {fileID: 0}
  serializedVersion: 5
  m_Component:
  - component: {fileID: 2108879925}
  - component: {fileID: 2108879924}
  - component: {fileID: 2108879923}
  - component: {fileID: 2108879922}
  m_Layer: 0
  m_Name: Main Camera
  m_TagString: MainCamera
  m_Icon: {fileID: 0}
  m_NavMeshLayer: 0
  m_StaticEditorFlags: 0
  m_IsActive: 1
--- !u!81 &2108879922
AudioListener:
  m_ObjectHideFlags: 0
  m_PrefabParentObject: {fileID: 0}
  m_PrefabInternal: {fileID: 0}
  m_GameObject: {fileID: 2108879921}
  m_Enabled: 1
--- !u!124 &2108879923
Behaviour:
  m_ObjectHideFlags: 0
  m_PrefabParentObject: {fileID: 0}
  m_PrefabInternal: {fileID: 0}
  m_GameObject: {fileID: 2108879921}
  m_Enabled: 1
--- !u!20 &2108879924
Camera:
  m_ObjectHideFlags: 0
  m_PrefabParentObject: {fileID: 0}
  m_PrefabInternal: {fileID: 0}
  m_GameObject: {fileID: 2108879921}
  m_Enabled: 1
  serializedVersion: 2
  m_ClearFlags: 1
  m_BackGroundColor: {r: 0.19215687, g: 0.3019608, b: 0.4745098, a: 0}
  m_NormalizedViewPortRect:
    serializedVersion: 2
    x: 0
    y: 0
    width: 1
    height: 1
  near clip plane: 0.3
  far clip plane: 1000
  field of view: 60
  orthographic: 0
  orthographic size: 5
  m_Depth: -1
  m_CullingMask:
    serializedVersion: 2
    m_Bits: 4294967295
  m_RenderingPath: -1
  m_TargetTexture: {fileID: 0}
  m_TargetDisplay: 0
  m_TargetEye: 3
  m_HDR: 1
  m_AllowMSAA: 1
  m_AllowDynamicResolution: 0
  m_ForceIntoRT: 0
  m_OcclusionCulling: 1
  m_StereoConvergence: 10
  m_StereoSeparation: 0.022
--- !u!4 &2108879925
Transform:
  m_ObjectHideFlags: 0
  m_PrefabParentObject: {fileID: 0}
  m_PrefabInternal: {fileID: 0}
  m_GameObject: {fileID: 2108879921}
  m_LocalRotation: {x: 0, y: 0, z: 0, w: 1}
  m_LocalPosition: {x: 0, y: 1, z: -8.3}
  m_LocalScale: {x: 1, y: 1, z: 1}
  m_Children: []
  m_Father: {fileID: 0}
  m_RootOrder: 7
  m_LocalEulerAnglesHint: {x: 0, y: 0, z: 0}
--- !u!1001 &2136504569
Prefab:
  m_ObjectHideFlags: 0
  serializedVersion: 2
  m_Modification:
    m_TransformParent: {fileID: 0}
    m_Modifications:
    - target: {fileID: 4008401165685884, guid: 7a01d6e37c5dd364ab33980324b47f83, type: 2}
      propertyPath: m_LocalPosition.x
      value: 788.9142
      objectReference: {fileID: 0}
    - target: {fileID: 4008401165685884, guid: 7a01d6e37c5dd364ab33980324b47f83, type: 2}
      propertyPath: m_LocalPosition.y
      value: 350.6106
      objectReference: {fileID: 0}
    - target: {fileID: 4008401165685884, guid: 7a01d6e37c5dd364ab33980324b47f83, type: 2}
      propertyPath: m_LocalPosition.z
      value: 91.718994
      objectReference: {fileID: 0}
    - target: {fileID: 4008401165685884, guid: 7a01d6e37c5dd364ab33980324b47f83, type: 2}
      propertyPath: m_LocalRotation.x
      value: 0
      objectReference: {fileID: 0}
    - target: {fileID: 4008401165685884, guid: 7a01d6e37c5dd364ab33980324b47f83, type: 2}
      propertyPath: m_LocalRotation.y
      value: 0
      objectReference: {fileID: 0}
    - target: {fileID: 4008401165685884, guid: 7a01d6e37c5dd364ab33980324b47f83, type: 2}
      propertyPath: m_LocalRotation.z
      value: 0
      objectReference: {fileID: 0}
    - target: {fileID: 4008401165685884, guid: 7a01d6e37c5dd364ab33980324b47f83, type: 2}
      propertyPath: m_LocalRotation.w
      value: 1
      objectReference: {fileID: 0}
    - target: {fileID: 4008401165685884, guid: 7a01d6e37c5dd364ab33980324b47f83, type: 2}
      propertyPath: m_RootOrder
      value: 6
      objectReference: {fileID: 0}
    - target: {fileID: 224071909277418274, guid: 7a01d6e37c5dd364ab33980324b47f83,
        type: 2}
      propertyPath: m_LocalPosition.z
      value: 0
      objectReference: {fileID: 0}
    m_RemovedComponents: []
  m_ParentPrefab: {fileID: 100100000, guid: 7a01d6e37c5dd364ab33980324b47f83, type: 2}
  m_IsPrefabParent: 0
