%YAML 1.1
%TAG !u! tag:unity3d.com,2011:
--- !u!1001 &100100000
Prefab:
  m_ObjectHideFlags: 1
  serializedVersion: 2
  m_Modification:
    m_TransformParent: {fileID: 0}
    m_Modifications: []
    m_RemovedComponents: []
  m_ParentPrefab: {fileID: 0}
  m_RootGameObject: {fileID: 1206852599951022}
  m_IsPrefabParent: 1
--- !u!1 &1206852599951022
GameObject:
  m_ObjectHideFlags: 0
  m_PrefabParentObject: {fileID: 0}
  m_PrefabInternal: {fileID: 100100000}
  serializedVersion: 5
  m_Component:
  - component: {fileID: 4403939242482946}
  - component: {fileID: 114113592741982802}
  - component: {fileID: 114800039379704742}
  - component: {fileID: 33869112497201126}
  - component: {fileID: 23521129311909156}
  - component: {fileID: 65184184710058990}
  m_Layer: 9
  m_Name: HorizontalExplosionBlock
  m_TagString: Untagged
  m_Icon: {fileID: 0}
  m_NavMeshLayer: 0
  m_StaticEditorFlags: 4294967295
  m_IsActive: 1
--- !u!4 &4403939242482946
Transform:
  m_ObjectHideFlags: 1
  m_PrefabParentObject: {fileID: 0}
  m_PrefabInternal: {fileID: 100100000}
  m_GameObject: {fileID: 1206852599951022}
  m_LocalRotation: {x: -0, y: -0, z: -0, w: 1}
  m_LocalPosition: {x: 0, y: 0, z: 0}
  m_LocalScale: {x: 1, y: 1, z: 1}
  m_Children: []
  m_Father: {fileID: 0}
  m_RootOrder: 0
  m_LocalEulerAnglesHint: {x: 0, y: 0, z: 0}
--- !u!23 &23521129311909156
MeshRenderer:
  m_ObjectHideFlags: 1
  m_PrefabParentObject: {fileID: 0}
  m_PrefabInternal: {fileID: 100100000}
  m_GameObject: {fileID: 1206852599951022}
  m_Enabled: 1
  m_CastShadows: 1
  m_ReceiveShadows: 1
  m_DynamicOccludee: 1
  m_MotionVectors: 1
  m_LightProbeUsage: 1
  m_ReflectionProbeUsage: 1
  m_RenderingLayerMask: 4294967295
  m_Materials:
  - {fileID: 2100000, guid: c22117fd92605ec4aabddffd7541e3f9, type: 3}
  m_StaticBatchInfo:
    firstSubMesh: 0
    subMeshCount: 0
  m_StaticBatchRoot: {fileID: 0}
  m_ProbeAnchor: {fileID: 0}
  m_LightProbeVolumeOverride: {fileID: 0}
  m_ScaleInLightmap: 1
  m_PreserveUVs: 0
  m_IgnoreNormalsForChartDetection: 0
  m_ImportantGI: 0
  m_StitchLightmapSeams: 0
  m_SelectedEditorRenderState: 3
  m_MinimumChartSize: 4
  m_AutoUVMaxDistance: 0.5
  m_AutoUVMaxAngle: 89
  m_LightmapParameters: {fileID: 0}
  m_SortingLayerID: 0
  m_SortingLayer: 0
  m_SortingOrder: 0
--- !u!33 &33869112497201126
MeshFilter:
  m_ObjectHideFlags: 1
  m_PrefabParentObject: {fileID: 0}
  m_PrefabInternal: {fileID: 100100000}
  m_GameObject: {fileID: 1206852599951022}
  m_Mesh: {fileID: 4300000, guid: c22117fd92605ec4aabddffd7541e3f9, type: 3}
--- !u!65 &65184184710058990
BoxCollider:
  m_ObjectHideFlags: 1
  m_PrefabParentObject: {fileID: 0}
  m_PrefabInternal: {fileID: 100100000}
  m_GameObject: {fileID: 1206852599951022}
  m_Material: {fileID: 0}
  m_IsTrigger: 1
  m_Enabled: 1
  serializedVersion: 2
  m_Size: {x: 2.8272605, y: 2.8272598, z: 2.82726}
  m_Center: {x: 0.00000029802322, y: 0.00000047683716, z: 0}
--- !u!114 &114113592741982802
MonoBehaviour:
  m_ObjectHideFlags: 1
  m_PrefabParentObject: {fileID: 0}
  m_PrefabInternal: {fileID: 100100000}
  m_GameObject: {fileID: 1206852599951022}
  m_Enabled: 1
  m_EditorHideFlags: 0
  m_Script: {fileID: 11500000, guid: 05a2dba7766571d489423d8a78ed039f, type: 3}
  m_Name: 
  m_EditorClassIdentifier: 
  x: -1
  y: -1
  IsInvalid: 0
  IsBlockingExplosion: 1
  CanHoldBomb: 0
  CanBeDamaged: 0
  IsProcessing: 0
  ToolTipText: Horizontal Explosive Block. Upon destruction, explodes the whole row
    of tiles horizontally.
  m_debugColor: {r: 0.13216448, g: 0.8490566, b: 0.18941769, a: 1}
--- !u!114 &114800039379704742
MonoBehaviour:
  m_ObjectHideFlags: 1
  m_PrefabParentObject: {fileID: 0}
  m_PrefabInternal: {fileID: 100100000}
  m_GameObject: {fileID: 1206852599951022}
  m_Enabled: 1
  m_EditorHideFlags: 0
  m_Script: {fileID: 11500000, guid: 16eb4ecdefc43944992b57c8275e4bfb, type: 3}
  m_Name: 
  m_EditorClassIdentifier: 
  m_audioClips:
  - {fileID: 8300000, guid: 986cf9ccea6f3c04489fffc3eef5f17b, type: 3}
  - {fileID: 8300000, guid: 20c83d17073c152468275cdcc6f413a8, type: 3}
  - {fileID: 8300000, guid: 7a000d0758c5d9648b4f348329eb6a9f, type: 3}
  - {fileID: 8300000, guid: 96a60004761d9e44caf4228130e52bd6, type: 3}
  - {fileID: 8300000, guid: e76d1f842c0fe934ebbe2ab4c1424cb0, type: 3}
  m_playOnAwake: 0
  m_playOnEnable: 0
  m_volume: 1
