%YAML 1.1
%TAG !u! tag:unity3d.com,2011:
--- !u!1001 &100100000
Prefab:
  m_ObjectHideFlags: 1
  serializedVersion: 2
  m_Modification:
    m_TransformParent: {fileID: 0}
    m_Modifications: []
    m_RemovedComponents: []
  m_ParentPrefab: {fileID: 0}
  m_RootGameObject: {fileID: 1632340883356644}
  m_IsPrefabParent: 1
--- !u!1 &1632340883356644
GameObject:
  m_ObjectHideFlags: 0
  m_PrefabParentObject: {fileID: 0}
  m_PrefabInternal: {fileID: 100100000}
  serializedVersion: 5
  m_Component:
  - component: {fileID: 4244495153879972}
  - component: {fileID: 114077547074454260}
  - component: {fileID: 114681366745489120}
  m_Layer: 0
  m_Name: BombFactory
  m_TagString: Untagged
  m_Icon: {fileID: 0}
  m_NavMeshLayer: 0
  m_StaticEditorFlags: 0
  m_IsActive: 1
--- !u!4 &4244495153879972
Transform:
  m_ObjectHideFlags: 1
  m_PrefabParentObject: {fileID: 0}
  m_PrefabInternal: {fileID: 100100000}
  m_GameObject: {fileID: 1632340883356644}
  m_LocalRotation: {x: 0, y: 0, z: 0, w: 1}
  m_LocalPosition: {x: 0, y: 0, z: 0}
  m_LocalScale: {x: 1, y: 1, z: 1}
  m_Children: []
  m_Father: {fileID: 0}
  m_RootOrder: 0
  m_LocalEulerAnglesHint: {x: 0, y: 0, z: 0}
--- !u!114 &114077547074454260
MonoBehaviour:
  m_ObjectHideFlags: 1
  m_PrefabParentObject: {fileID: 0}
  m_PrefabInternal: {fileID: 100100000}
  m_GameObject: {fileID: 1632340883356644}
  m_Enabled: 1
  m_EditorHideFlags: 0
  m_Script: {fileID: 11500000, guid: eeefca14d42d27148b863830b9972e8f, type: 3}
  m_Name: 
  m_EditorClassIdentifier: 
  m_surroundBomb: {fileID: 114978145323774344, guid: de8d9ccb3a498234891838b117969922,
    type: 2}
  m_crossBomb: {fileID: 114430383730735180, guid: e1cf2cd064371b540aa1471084438bf2,
    type: 2}
  m_xBomb: {fileID: 114311650410493422, guid: 6932355b0a0f9ca4eba50700970bd997, type: 2}
  m_pushBomb: {fileID: 114268573653783718, guid: 51ec0a6b7a15e9044a57bcf61611be1b,
    type: 2}
--- !u!114 &114681366745489120
MonoBehaviour:
  m_ObjectHideFlags: 1
  m_PrefabParentObject: {fileID: 0}
  m_PrefabInternal: {fileID: 100100000}
  m_GameObject: {fileID: 1632340883356644}
  m_Enabled: 1
  m_EditorHideFlags: 0
  m_Script: {fileID: 11500000, guid: 6a40e040fb54db8439a1b9e3d31e4df5, type: 3}
  m_Name: 
  m_EditorClassIdentifier: 
